%YAML 1.1
%TAG !u! tag:unity3d.com,2011:
--- !u!114 &-4800552697164097320
MonoBehaviour:
  m_ObjectHideFlags: 3
  m_CorrespondingSourceObject: {fileID: 0}
  m_PrefabInstance: {fileID: 0}
  m_PrefabAsset: {fileID: 0}
  m_GameObject: {fileID: 0}
  m_Enabled: 1
  m_EditorHideFlags: 0
  m_Script: {fileID: 11500000, guid: f034cba68ab55e046ae1445a42f18c0e, type: 3}
  m_Name: IndirectLightingController
  m_EditorClassIdentifier: 
  active: 1
  indirectDiffuseLightingMultiplier:
    m_OverrideState: 1
    m_Value: 1
  indirectDiffuseLightingLayers:
    m_OverrideState: 1
    m_Value: 255
  reflectionLightingMultiplier:
    m_OverrideState: 1
    m_Value: 1
  reflectionLightingLayers:
    m_OverrideState: 1
    m_Value: 255
  reflectionProbeIntensityMultiplier:
    m_OverrideState: 1
    m_Value: 1
--- !u!114 &-2853986340082103770
MonoBehaviour:
  m_ObjectHideFlags: 3
  m_CorrespondingSourceObject: {fileID: 0}
  m_PrefabInstance: {fileID: 0}
  m_PrefabAsset: {fileID: 0}
  m_GameObject: {fileID: 0}
  m_Enabled: 1
  m_EditorHideFlags: 0
  m_Script: {fileID: 11500000, guid: 0d7593b3a9277ac4696b20006c21dde2, type: 3}
  m_Name: VisualEnvironment
  m_EditorClassIdentifier: 
  active: 1
  skyType:
    m_OverrideState: 1
    m_Value: 4
  cloudType:
    m_OverrideState: 1
    m_Value: 1
  skyAmbientMode:
    m_OverrideState: 1
    m_Value: 0
  windOrientation:
    m_OverrideState: 1
    m_Value: 170
  windSpeed:
    m_OverrideState: 1
    m_Value: 0
  fogType:
    m_OverrideState: 0
    m_Value: 0
--- !u!114 &-2848944221513713804
MonoBehaviour:
  m_ObjectHideFlags: 3
  m_CorrespondingSourceObject: {fileID: 0}
  m_PrefabInstance: {fileID: 0}
  m_PrefabAsset: {fileID: 0}
  m_GameObject: {fileID: 0}
  m_Enabled: 1
  m_EditorHideFlags: 0
  m_Script: {fileID: 11500000, guid: 46a79c9cffef5cc469553b1341c2ecdf, type: 3}
  m_Name: RecursiveRendering
  m_EditorClassIdentifier: 
  active: 0
  enable:
    m_OverrideState: 1
    m_Value: 1
  layerMask:
    m_OverrideState: 1
    m_Value:
      serializedVersion: 2
      m_Bits: 4294967295
  maxDepth:
    m_OverrideState: 1
    m_Value: 2
  rayLength:
    m_OverrideState: 1
    m_Value: 100
  minSmoothness:
    m_OverrideState: 1
    m_Value: 0.003
  rayMiss:
    m_OverrideState: 0
    m_Value: 3
  lastBounce:
    m_OverrideState: 0
    m_Value: 3
  ambientProbeDimmer:
    m_OverrideState: 0
    m_Value: 1
--- !u!114 &-2521235882946151112
MonoBehaviour:
  m_ObjectHideFlags: 3
  m_CorrespondingSourceObject: {fileID: 0}
  m_PrefabInstance: {fileID: 0}
  m_PrefabAsset: {fileID: 0}
  m_GameObject: {fileID: 0}
  m_Enabled: 1
  m_EditorHideFlags: 0
  m_Script: {fileID: 11500000, guid: d877ec3e844f2ca46830012e8e79319b, type: 3}
  m_Name: PhysicallyBasedSky
  m_EditorClassIdentifier: 
  active: 1
  rotation:
    m_OverrideState: 1
    m_Value: 0
  skyIntensityMode:
    m_OverrideState: 1
    m_Value: 0
  exposure:
    m_OverrideState: 1
    m_Value: 0
  multiplier:
    m_OverrideState: 1
    m_Value: 1
  upperHemisphereLuxValue:
    m_OverrideState: 1
    m_Value: 1
  upperHemisphereLuxColor:
    m_OverrideState: 1
    m_Value: {x: 0, y: 0, z: 0}
  desiredLuxValue:
    m_OverrideState: 1
    m_Value: 20000
  updateMode:
    m_OverrideState: 1
    m_Value: 0
  updatePeriod:
    m_OverrideState: 1
    m_Value: 0
  includeSunInBaking:
    m_OverrideState: 1
    m_Value: 0
  type:
    m_OverrideState: 1
    m_Value: 2
  sphericalMode:
    m_OverrideState: 1
    m_Value: 1
  seaLevel:
    m_OverrideState: 1
    m_Value: 0
  planetaryRadius:
    m_OverrideState: 1
    m_Value: 6378100
  planetCenterPosition:
    m_OverrideState: 1
    m_Value: {x: 0, y: -6378100, z: 0}
  airDensityR:
    m_OverrideState: 1
    m_Value: 0.04534
  airDensityG:
    m_OverrideState: 1
    m_Value: 0.10237241
  airDensityB:
    m_OverrideState: 1
    m_Value: 0.23264056
  airTint:
    m_OverrideState: 1
    m_Value: {r: 0.9, g: 0.9, b: 1, a: 1}
  airMaximumAltitude:
    m_OverrideState: 1
    m_Value: 55261.973
  aerosolDensity:
    m_OverrideState: 1
    m_Value: 0.01192826
  aerosolTint:
    m_OverrideState: 1
    m_Value: {r: 0.9, g: 0.9, b: 0.9, a: 1}
  aerosolMaximumAltitude:
    m_OverrideState: 1
    m_Value: 8289.296
  aerosolAnisotropy:
    m_OverrideState: 1
    m_Value: 0
  numberOfBounces:
    m_OverrideState: 1
    m_Value: 8
  groundTint:
    m_OverrideState: 1
    m_Value: {r: 0.4, g: 0.25, b: 0.15, a: 1}
  groundColorTexture:
    m_OverrideState: 1
    m_Value: {fileID: 0}
  groundEmissionTexture:
    m_OverrideState: 1
    m_Value: {fileID: 0}
  groundEmissionMultiplier:
    m_OverrideState: 1
    m_Value: 1
  planetRotation:
    m_OverrideState: 1
    m_Value: {x: 0, y: 0, z: 0}
  spaceEmissionTexture:
    m_OverrideState: 1
    m_Value: {fileID: 8900000, guid: f976fa5ca645a4f438a308e94305d268, type: 3}
  spaceEmissionMultiplier:
    m_OverrideState: 1
    m_Value: 1
  spaceRotation:
    m_OverrideState: 1
    m_Value: {x: 0, y: 0, z: 0}
  colorSaturation:
    m_OverrideState: 1
    m_Value: 1
  alphaSaturation:
    m_OverrideState: 1
    m_Value: 1
  alphaMultiplier:
    m_OverrideState: 1
    m_Value: 1
  horizonTint:
    m_OverrideState: 1
    m_Value: {r: 1, g: 1, b: 1, a: 1}
  zenithTint:
    m_OverrideState: 1
    m_Value: {r: 1, g: 1, b: 1, a: 1}
  horizonZenithShift:
    m_OverrideState: 1
    m_Value: 0
  m_SkyVersion: 1
  m_ObsoleteEarthPreset:
    m_OverrideState: 1
    m_Value: 1
--- !u!114 &-2402095197457143072
MonoBehaviour:
  m_ObjectHideFlags: 3
  m_CorrespondingSourceObject: {fileID: 0}
  m_PrefabInstance: {fileID: 0}
  m_PrefabAsset: {fileID: 0}
  m_GameObject: {fileID: 0}
  m_Enabled: 1
  m_EditorHideFlags: 0
  m_Script: {fileID: 11500000, guid: 56b145d2b9ee1ac4f846968484e7485a, type: 3}
  m_Name: ContactShadows
  m_EditorClassIdentifier: 
  active: 1
  quality:
    m_OverrideState: 1
    m_Value: 2
  enable:
    m_OverrideState: 1
    m_Value: 1
  length:
    m_OverrideState: 1
    m_Value: 0.135
  opacity:
    m_OverrideState: 1
    m_Value: 1
  distanceScaleFactor:
    m_OverrideState: 1
    m_Value: 0.5
  maxDistance:
    m_OverrideState: 1
    m_Value: 50
  minDistance:
    m_OverrideState: 1
    m_Value: 0
  fadeDistance:
    m_OverrideState: 1
    m_Value: 5
  fadeInDistance:
    m_OverrideState: 1
    m_Value: 0
  rayBias:
    m_OverrideState: 1
    m_Value: 0.2
  thicknessScale:
    m_OverrideState: 1
    m_Value: 0.15
  m_SampleCount:
    m_OverrideState: 1
    m_Value: 16
--- !u!114 &11400000
MonoBehaviour:
  m_ObjectHideFlags: 0
  m_CorrespondingSourceObject: {fileID: 0}
  m_PrefabInstance: {fileID: 0}
  m_PrefabAsset: {fileID: 0}
  m_GameObject: {fileID: 0}
  m_Enabled: 1
  m_EditorHideFlags: 0
  m_Script: {fileID: 11500000, guid: d7fd9488000d3734a9e00ee676215985, type: 3}
  m_Name: Global Volume Profile
  m_EditorClassIdentifier: 
  components:
  - {fileID: -4800552697164097320}
  - {fileID: 1212543450425917705}
  - {fileID: 2905908460670787325}
  - {fileID: 2115701193450647093}
  - {fileID: -2402095197457143072}
  - {fileID: 650271638201316409}
  - {fileID: -2521235882946151112}
  - {fileID: 8671244174259575421}
  - {fileID: -2853986340082103770}
  - {fileID: 6699975792389372229}
  - {fileID: -2848944221513713804}
  - {fileID: 6626021644706556067}
  - {fileID: 7395819125524016736}
  - {fileID: 5214159925357070770}
  - {fileID: 6817420677653872682}
--- !u!114 &650271638201316409
MonoBehaviour:
  m_ObjectHideFlags: 3
  m_CorrespondingSourceObject: {fileID: 0}
  m_PrefabInstance: {fileID: 0}
  m_PrefabAsset: {fileID: 0}
  m_GameObject: {fileID: 0}
  m_Enabled: 1
  m_EditorHideFlags: 0
  m_Script: {fileID: 11500000, guid: 7ddcec8a8eb2d684d833ac8f5d26aebd, type: 3}
  m_Name: HDShadowSettings
  m_EditorClassIdentifier: 
  active: 1
  maxShadowDistance:
    m_OverrideState: 0
    m_Value: 500
  directionalTransmissionMultiplier:
    m_OverrideState: 0
    m_Value: 1
  cascadeShadowSplitCount:
    m_OverrideState: 0
    m_Value: 4
  cascadeShadowSplit0:
    m_OverrideState: 0
    m_Value: 0.05
  cascadeShadowSplit1:
    m_OverrideState: 0
    m_Value: 0.15
  cascadeShadowSplit2:
    m_OverrideState: 0
    m_Value: 0.3
  cascadeShadowBorder0:
    m_OverrideState: 0
    m_Value: 0
  cascadeShadowBorder1:
    m_OverrideState: 0
    m_Value: 0
  cascadeShadowBorder2:
    m_OverrideState: 0
    m_Value: 0
  cascadeShadowBorder3:
    m_OverrideState: 0
    m_Value: 0
--- !u!114 &1212543450425917705
MonoBehaviour:
  m_ObjectHideFlags: 3
  m_CorrespondingSourceObject: {fileID: 0}
  m_PrefabInstance: {fileID: 0}
  m_PrefabAsset: {fileID: 0}
  m_GameObject: {fileID: 0}
  m_Enabled: 1
  m_EditorHideFlags: 0
  m_Script: {fileID: 11500000, guid: 384c4d03a551c44448145f4093304119, type: 3}
  m_Name: ScreenSpaceReflection
  m_EditorClassIdentifier: 
  active: 1
  quality:
    m_OverrideState: 1
    m_Value: 1
  enabled:
    m_OverrideState: 1
    m_Value: 1
  enabledTransparent:
    m_OverrideState: 1
    m_Value: 1
  tracing:
    m_OverrideState: 0
    m_Value: 1
  m_MinSmoothness:
    m_OverrideState: 1
    m_Value: 0.9
  m_SmoothnessFadeStart:
    m_OverrideState: 1
    m_Value: 0.9
  reflectSky:
    m_OverrideState: 1
    m_Value: 1
  usedAlgorithm:
    m_OverrideState: 1
    m_Value: 0
  depthBufferThickness:
    m_OverrideState: 1
    m_Value: 0.01
  screenFadeDistance:
    m_OverrideState: 1
    m_Value: 0.1
  accumulationFactor:
    m_OverrideState: 1
    m_Value: 0.75
  biasFactor:
    m_OverrideState: 0
    m_Value: 0.5
  speedRejectionParam:
    m_OverrideState: 0
    m_Value: 0.5
  speedRejectionScalerFactor:
    m_OverrideState: 0
    m_Value: 0.2
  speedSmoothReject:
    m_OverrideState: 0
    m_Value: 0
  speedSurfaceOnly:
    m_OverrideState: 0
    m_Value: 1
  speedTargetOnly:
    m_OverrideState: 0
    m_Value: 1
  enableWorldSpeedRejection:
    m_OverrideState: 0
    m_Value: 0
  m_RayMaxIterations:
    m_OverrideState: 1
    m_Value: 32
  rayMiss:
    m_OverrideState: 0
    m_Value: 3
  lastBounceFallbackHierarchy:
    m_OverrideState: 0
    m_Value: 3
  ambientProbeDimmer:
    m_OverrideState: 0
    m_Value: 1
  layerMask:
    m_OverrideState: 1
    m_Value:
      serializedVersion: 2
      m_Bits: 4294967295
  textureLodBias:
    m_OverrideState: 0
    m_Value: 1
  m_RayLength:
    m_OverrideState: 1
    m_Value: 50
  m_ClampValue:
    m_OverrideState: 1
    m_Value: 1
  m_Denoise:
    m_OverrideState: 1
    m_Value: 1
  m_DenoiserRadius:
    m_OverrideState: 1
    m_Value: 8
  m_AffectSmoothSurfaces:
    m_OverrideState: 1
    m_Value: 0
  mode:
    m_OverrideState: 1
    m_Value: 2
  m_FullResolution:
    m_OverrideState: 1
    m_Value: 0
  sampleCount:
    m_OverrideState: 1
    m_Value: 1
  bounceCount:
    m_OverrideState: 1
    m_Value: 1
  m_RayMaxIterationsRT:
    m_OverrideState: 0
    m_Value: 48
--- !u!114 &2115701193450647093
MonoBehaviour:
  m_ObjectHideFlags: 3
  m_CorrespondingSourceObject: {fileID: 0}
  m_PrefabInstance: {fileID: 0}
  m_PrefabAsset: {fileID: 0}
  m_GameObject: {fileID: 0}
  m_Enabled: 1
  m_EditorHideFlags: 0
  m_Script: {fileID: 11500000, guid: 42ef2681fa3dc8c4fa031f044e68c63f, type: 3}
  m_Name: GlobalIllumination
  m_EditorClassIdentifier: 
  active: 1
  quality:
    m_OverrideState: 1
    m_Value: 3
  enable:
    m_OverrideState: 1
    m_Value: 1
  tracing:
    m_OverrideState: 0
    m_Value: 1
  rayMiss:
    m_OverrideState: 0
    m_Value: 3
  depthBufferThickness:
    m_OverrideState: 1
    m_Value: 0.18
  fullResolutionSS:
    m_OverrideState: 0
    m_Value: 1
  m_MaxRaySteps:
    m_OverrideState: 0
    m_Value: 32
  m_DenoiseSS:
    m_OverrideState: 1
    m_Value: 1
  m_HalfResolutionDenoiserSS:
    m_OverrideState: 1
    m_Value: 0
  m_DenoiserRadiusSS:
    m_OverrideState: 0
    m_Value: 0.6
  m_SecondDenoiserPassSS:
    m_OverrideState: 0
    m_Value: 1
  lastBounceFallbackHierarchy:
    m_OverrideState: 0
    m_Value: 3
  ambientProbeDimmer:
    m_OverrideState: 0
    m_Value: 0
  layerMask:
    m_OverrideState: 1
    m_Value:
      serializedVersion: 2
      m_Bits: 4294967295
  textureLodBias:
    m_OverrideState: 0
    m_Value: 7
  m_RayLength:
    m_OverrideState: 1
    m_Value: 50
  m_ClampValue:
    m_OverrideState: 1
    m_Value: 0.8
  mode:
    m_OverrideState: 1
    m_Value: 2
  m_FullResolution:
    m_OverrideState: 1
    m_Value: 0
  sampleCount:
    m_OverrideState: 1
    m_Value: 2
  bounceCount:
    m_OverrideState: 1
    m_Value: 1
  m_Denoise:
    m_OverrideState: 1
    m_Value: 1
  m_HalfResolutionDenoiser:
    m_OverrideState: 1
    m_Value: 0
  m_DenoiserRadius:
    m_OverrideState: 1
    m_Value: 0.66
  m_SecondDenoiserPass:
    m_OverrideState: 1
    m_Value: 1
  m_MaxMixedRaySteps:
    m_OverrideState: 0
    m_Value: 48
  receiverMotionRejection:
    m_OverrideState: 0
    m_Value: 1
--- !u!114 &2905908460670787325
MonoBehaviour:
  m_ObjectHideFlags: 3
  m_CorrespondingSourceObject: {fileID: 0}
  m_PrefabInstance: {fileID: 0}
  m_PrefabAsset: {fileID: 0}
  m_GameObject: {fileID: 0}
  m_Enabled: 1
  m_EditorHideFlags: 0
  m_Script: {fileID: 11500000, guid: 9008a067f4d626c4d8bc4bc48f04bb89, type: 3}
  m_Name: ScreenSpaceAmbientOcclusion
  m_EditorClassIdentifier: 
  active: 1
  quality:
    m_OverrideState: 1
    m_Value: 3
  rayTracing:
    m_OverrideState: 1
    m_Value: 0
  intensity:
    m_OverrideState: 1
    m_Value: 0
  directLightingStrength:
    m_OverrideState: 1
    m_Value: 0
  radius:
    m_OverrideState: 1
    m_Value: 2
  spatialBilateralAggressiveness:
    m_OverrideState: 1
    m_Value: 0.15
  temporalAccumulation:
    m_OverrideState: 1
    m_Value: 1
  ghostingReduction:
    m_OverrideState: 1
    m_Value: 0.5
  blurSharpness:
    m_OverrideState: 0
    m_Value: 0.1
  layerMask:
    m_OverrideState: 0
    m_Value:
      serializedVersion: 2
      m_Bits: 4294967295
  specularOcclusion:
    m_OverrideState: 0
    m_Value: 0.5
  occluderMotionRejection:
    m_OverrideState: 0
    m_Value: 1
  receiverMotionRejection:
    m_OverrideState: 0
    m_Value: 1
  m_StepCount:
    m_OverrideState: 1
    m_Value: 6
  m_FullResolution:
    m_OverrideState: 1
    m_Value: 0
  m_MaximumRadiusInPixels:
    m_OverrideState: 1
    m_Value: 40
  m_BilateralUpsample:
    m_OverrideState: 1
    m_Value: 1
  m_DirectionCount:
    m_OverrideState: 1
    m_Value: 2
  m_RayLength:
    m_OverrideState: 1
    m_Value: 3
  m_SampleCount:
    m_OverrideState: 1
    m_Value: 2
  m_Denoise:
    m_OverrideState: 1
    m_Value: 1
  m_DenoiserRadius:
    m_OverrideState: 1
    m_Value: 0.5
--- !u!114 &5214159925357070770
MonoBehaviour:
  m_ObjectHideFlags: 3
  m_CorrespondingSourceObject: {fileID: 0}
  m_PrefabInstance: {fileID: 0}
  m_PrefabAsset: {fileID: 0}
  m_GameObject: {fileID: 0}
  m_Enabled: 1
  m_EditorHideFlags: 0
  m_Script: {fileID: 11500000, guid: 464ccca2a3ef3ce429c63a5b5cd3be58, type: 3}
  m_Name: SubSurfaceScattering
  m_EditorClassIdentifier: 
  active: 1
  rayTracing:
    m_OverrideState: 1
    m_Value: 1
  sampleCount:
    m_OverrideState: 1
    m_Value: 1
--- !u!114 &6626021644706556067
MonoBehaviour:
  m_ObjectHideFlags: 3
  m_CorrespondingSourceObject: {fileID: 0}
  m_PrefabInstance: {fileID: 0}
  m_PrefabAsset: {fileID: 0}
  m_GameObject: {fileID: 0}
  m_Enabled: 1
  m_EditorHideFlags: 0
  m_Script: {fileID: 11500000, guid: 31394aa05878563408489d5c1688f3a0, type: 3}
  m_Name: PathTracing
  m_EditorClassIdentifier: 
  active: 0
  enable:
    m_OverrideState: 1
    m_Value: 1
  layerMask:
    m_OverrideState: 1
    m_Value:
      serializedVersion: 2
      m_Bits: 4294967295
  maximumSamples:
    m_OverrideState: 0
    m_Value: 256
  minimumDepth:
    m_OverrideState: 0
    m_Value: 1
  maximumDepth:
    m_OverrideState: 0
    m_Value: 4
  maximumIntensity:
    m_OverrideState: 0
    m_Value: 10
  denoising:
    m_OverrideState: 1
    m_Value: 2
  useAOVs:
    m_OverrideState: 0
    m_Value: 1
  temporal:
    m_OverrideState: 1
    m_Value: 1
  asyncDenoising:
    m_OverrideState: 0
    m_Value: 1
  skyImportanceSampling:
    m_OverrideState: 0
    m_Value: 0
  tilingParameters:
    m_OverrideState: 0
    m_Value: {x: 1, y: 1, z: 0, w: 0}
--- !u!114 &6699975792389372229
MonoBehaviour:
  m_ObjectHideFlags: 3
  m_CorrespondingSourceObject: {fileID: 0}
  m_PrefabInstance: {fileID: 0}
  m_PrefabAsset: {fileID: 0}
  m_GameObject: {fileID: 0}
  m_Enabled: 1
  m_EditorHideFlags: 0
  m_Script: {fileID: 11500000, guid: 2f1984a7ac01bf84b86559f7595cdc68, type: 3}
  m_Name: LightCluster
  m_EditorClassIdentifier: 
  active: 1
  cameraClusterRange:
    m_OverrideState: 1
    m_Value: 7.84
--- !u!114 &6817420677653872682
MonoBehaviour:
  m_ObjectHideFlags: 3
  m_CorrespondingSourceObject: {fileID: 0}
  m_PrefabInstance: {fileID: 0}
  m_PrefabAsset: {fileID: 0}
  m_GameObject: {fileID: 0}
  m_Enabled: 1
  m_EditorHideFlags: 0
  m_Script: {fileID: 11500000, guid: 32b6af8f7ad32324cb6941c3290e5895, type: 3}
  m_Name: MicroShadowing
  m_EditorClassIdentifier: 
  active: 1
  enable:
    m_OverrideState: 1
    m_Value: 1
  opacity:
    m_OverrideState: 1
    m_Value: 1
--- !u!114 &7395819125524016736
MonoBehaviour:
  m_ObjectHideFlags: 3
  m_CorrespondingSourceObject: {fileID: 0}
  m_PrefabInstance: {fileID: 0}
  m_PrefabAsset: {fileID: 0}
  m_GameObject: {fileID: 0}
  m_Enabled: 1
  m_EditorHideFlags: 0
  m_Script: {fileID: 11500000, guid: d877a03bef431a847adca8ab343db3e1, type: 3}
  m_Name: RayTracingSettings
  m_EditorClassIdentifier: 
  active: 0
  rayBias:
    m_OverrideState: 0
    m_Value: 0.001
  distantRayBias:
    m_OverrideState: 0
    m_Value: 0.001
  extendShadowCulling:
    m_OverrideState: 0
    m_Value: 1
  extendCameraCulling:
    m_OverrideState: 0
    m_Value: 0
  directionalShadowRayLength:
    m_OverrideState: 0
    m_Value: 1000
  directionalShadowFallbackIntensity:
    m_OverrideState: 0
    m_Value: 1
  buildMode:
    m_OverrideState: 0
    m_Value: 0
  cullingMode:
    m_OverrideState: 0
    m_Value: 0
  cullingDistance:
    m_OverrideState: 0
    m_Value: 1000
--- !u!114 &8671244174259575421
MonoBehaviour:
  m_ObjectHideFlags: 3
  m_CorrespondingSourceObject: {fileID: 0}
  m_PrefabInstance: {fileID: 0}
  m_PrefabAsset: {fileID: 0}
  m_GameObject: {fileID: 0}
  m_Enabled: 1
  m_EditorHideFlags: 0
  m_Script: {fileID: 11500000, guid: 2d08ce26990eb1a4a9177b860541e702, type: 3}
  m_Name: Exposure
  m_EditorClassIdentifier: 
  active: 0
  mode:
    m_OverrideState: 1
    m_Value: 4
  meteringMode:
    m_OverrideState: 0
    m_Value: 2
  luminanceSource:
    m_OverrideState: 0
    m_Value: 1
  fixedExposure:
    m_OverrideState: 1
    m_Value: 9.493065
  compensation:
    m_OverrideState: 0
    m_Value: 0
  limitMin:
    m_OverrideState: 0
    m_Value: -1
  limitMax:
    m_OverrideState: 0
    m_Value: 14
  curveMap:
    m_OverrideState: 0
    m_Value:
      serializedVersion: 2
      m_Curve:
      - serializedVersion: 3
        time: -10
        value: -10
        inSlope: 0
        outSlope: 1
        tangentMode: 0
        weightedMode: 0
        inWeight: 0
        outWeight: 0
      - serializedVersion: 3
        time: 20
        value: 20
        inSlope: 1
        outSlope: 0
        tangentMode: 0
        weightedMode: 0
        inWeight: 0
        outWeight: 0
      m_PreInfinity: 2
      m_PostInfinity: 2
      m_RotationOrder: 4
  limitMinCurveMap:
    m_OverrideState: 0
    m_Value:
      serializedVersion: 2
      m_Curve:
      - serializedVersion: 3
        time: -10
        value: -12
        inSlope: 0
        outSlope: 1
        tangentMode: 0
        weightedMode: 0
        inWeight: 0
        outWeight: 0
      - serializedVersion: 3
        time: 20
        value: 18
        inSlope: 1
        outSlope: 0
        tangentMode: 0
        weightedMode: 0
        inWeight: 0
        outWeight: 0
      m_PreInfinity: 2
      m_PostInfinity: 2
      m_RotationOrder: 4
  limitMaxCurveMap:
    m_OverrideState: 0
    m_Value:
      serializedVersion: 2
      m_Curve:
      - serializedVersion: 3
        time: -10
        value: -8
        inSlope: 0
        outSlope: 1
        tangentMode: 0
        weightedMode: 0
        inWeight: 0
        outWeight: 0
      - serializedVersion: 3
        time: 20
        value: 22
        inSlope: 1
        outSlope: 0
        tangentMode: 0
        weightedMode: 0
        inWeight: 0
        outWeight: 0
      m_PreInfinity: 2
      m_PostInfinity: 2
      m_RotationOrder: 4
  adaptationMode:
    m_OverrideState: 0
    m_Value: 1
  adaptationSpeedDarkToLight:
    m_OverrideState: 0
    m_Value: 3
  adaptationSpeedLightToDark:
    m_OverrideState: 0
    m_Value: 1
  weightTextureMask:
    m_OverrideState: 0
    m_Value: {fileID: 0}
  histogramPercentages:
    m_OverrideState: 0
    m_Value: {x: 40, y: 90}
  histogramUseCurveRemapping:
    m_OverrideState: 0
    m_Value: 0
  targetMidGray:
    m_OverrideState: 0
    m_Value: 0
  centerAroundExposureTarget:
    m_OverrideState: 0
    m_Value: 0
  proceduralCenter:
    m_OverrideState: 0
    m_Value: {x: 0.5, y: 0.5}
  proceduralRadii:
    m_OverrideState: 0
    m_Value: {x: 0.3, y: 0.3}
  maskMinIntensity:
    m_OverrideState: 0
    m_Value: -30
  maskMaxIntensity:
    m_OverrideState: 0
    m_Value: 30
  proceduralSoftness:
    m_OverrideState: 0
    m_Value: 0.5
